@online{1,
    author = {Taylor Kerns},
    title = {There are now more than 2.5 billion active Android devices},
    year = {2019},
    addendum = "[Online; Accessed: 25.01.2020]",
    url = {https://www.androidpolice.com/2019/05/07/there-are-now-more-than-2-5-billion-active-android-device}
}

@article{2,
    author = {Anthony I. Wasserman},
    title = {Software Engineering Issues for Mobile Application Development},
    journaltitle = {Conference: Proceedings of the Workshop on Future of Software Engineering Research, FoSER 2010, at the 18th ACM SIGSOFT International Symposium on Foundations of Software Engineering, 2010, Santa Fe, NM, USA, November 7-11, 2010},
    year = {2010}
}

@online{3,
    author = {Ubaid Pisuwala},
    title = {How often should you update your mobile app?},
    addendum = "[Online; Accessed: 15.02.2020]",
    url = {https://www.peerbits.com/blog/update-mobile-app.html}
}

@article{4,
    author = {Jussi Koskinen},
    title = {Software Maintenance Costs},
    journaltitle = {Information Technology Research Institute, ELTIS-Project University of Jyväskylä},
    year = {2010}
}

@book{10,
    author = {Robert Cecil Martin},
    title = {Clean Architecture: A Craftsman's Guide to Software Structure and Design},
    publisher = {Pearson Education, Inc.},
    year = {2018}
}

@book{11,
    author = {Robert Cecil Martin},
    title = {Clean Code: A Handbook of Agile Software Craftsmanship},
    publisher = {Pearson Education, Inc.},
    year = {2009}
}

@book{12,
    author = {Yegor Bugayenko},
    title = {Elegant Objects},
    publisher = {Createspace Independent Publishing Platform},
    year = {2017}
}

@article{13,
    author = {J. R. Mckee},
    title = {Maintenance as a Function of Design},
    journaltitle = {Proceedings AFIPS, National Computer Conference, Las Vegas},
    year = {1984}
}

@article{14,
    author = {Roberto Verdecchia and Ivana Malavolta and Patricia Lago},
    title = {Guidelines for Architecting Android Apps: A Mixed-Method Empirical Study},
    journaltitle = {2019 IEEE International Conference on Software Architecture (ICSA)},
    year = {2019}
}

@book{15,
    author = {Frederick P. Brooks, Jr},
    title = {The Mythical Man-Month: Essays on Software Engineering},
    publisher = {Addison-Wesley Professional},
    year = {1975}
}

@online{16,
    author = {Martin Fowler},
    title = {Software Architecture Guide},
    addendum = "[Online; Accessed: 16.04.2020]",
    url = {https://martinfowler.com/architecture/},
    year = {2019} 
}

@book{17,
    author = {Philippe Kruchten},
    title = {Philippe Kruchten, The Rational Unified Process: An Introduction},
    publisher = {Addison-Wesley Professional},
    year = {2004}
}

@article{18,
    author = {Hugo Kallström},
    title = {Increasing Maintainability for Android Applications},
    journaltitle = {Unpublished master's thesis, Umea University, Department of Computing Science},
    year = {2016}
}

@article{19,
    author = {Ginanjar Prabowo and Hatma Suryotrisongko and Aris Tjahyanto},
    title = {A Tale of Two Development Approach: Empirical Study on The Maintainability and Modularity of Android Mobile Application with Anti-Pattern and odel-View-Presenter Design Pattern},
    journaltitle = {2018 International Conference on Electrical Engineering and Informatics (ICELTICs), Sept. 19-20, 2018},
    year = {2018}
}

@article{20,
    author = {IEEE},
    title = {IEEE Standard Glossary of Software Engineering Terminology},
    journaltitle = {Institute of Electrical and Electronics Engineers, New York, 1990},
    year = {1990}
}

@book{21,
    author = {Martin Fowler and Kent Beck},
    title = {Refactoring: Improving the Design of Existing Code},
    publisher = {Addison-Wesley Professionaly},
    year = {1999}
}

@article{22,
    author = {Capers Jones},
    title = {The Economics of Software Maintenance in the Twenty First Century},
    journaltitle = {Unpublished manuscript},
    url = {http://citeseerx. ist. psu. edu/viewdoc/summary},
    year = {2006}
}

@article{23,
    author = {Hadeel Alsolai and Marc Roper},
    title = {Application of Ensemble Techniques in Predicting Object-Oriented Software Maintainability},
    journaltitle = {EASE '19: Proceedings of the Evaluation and Assessment on Software Engineering},
    year = {2019}
}

@article{25,
    author = {David Garlan},
    title = {Software Architecture: a Roadmap},
    journaltitle = {ICSE '00 2000},
    year = {2000}
}

@article{26,
    author = {Intan Oktafiani and Bayu Hendradjaya},
    title = {Software Metrics Proposal for Conformity Checking of Class Diagram to SOLID Design Principles},
    journaltitle = {2018 5th International Conference on Data and Software Engineering (ICoDSE)},
    year = {2018}
}

@article{27,
    author = {W. L. Hursch and Cristina Videira Lopes},
    title = {Separation of Concerns},
    journaltitle = {Technical report by the College of Computer Science, Northeastern University},
    year = {1995}
}

@article{28,
    author = {P. Tarr and H. Ossher and W. Harrison and S.M. Sutton},
    title = {N degrees of separation: multi-dimensional separation of concerns},
    journaltitle = {Proceedings of the 1999 International Conference on Software Engineering (IEEE Cat. No.99CB37002)},
    year = {1999}
}

@article{33,
    author = {A. Bakar and A. B. Sultan and H. Zulzalil and J. Din},
    title = {Review on Maintainability Metrics in Open Source Software},
    journaltitle = {International Review on Computers and Software},
    year = {2012}
}

@article{34,
    author = {Ahmad A. Saifan and Areej Al-Rabadi},
    title = {Evaluating Maintainability of Android Applications},
    journaltitle = {The 8th International Conference on Information Technology ICIT 2017At: Jordan Volume: 8},
    year = {2017}
}

@article{35,
    author = {T. J. McCabe},
    title = {A complexity measure},
    journaltitle = {IEEE Transactions on Software Engineering ( Volume: SE-2, Issue: 4, Dec. 1976)},
    year = {1976}
}

@article{36,
    author = {Shyam R. Chidamber and Chris F Kemerer},
    title = {Towards a Metrics Suite for Object Oriented Design},
    journaltitle = {ACM SIGPLAN Notices},
    year = {1991}
}

@article{38,
    author = {Jacinto Ramirez Lahti and Antti-Pekka Tuovinen and Tommi Mikkonen},
    title = {Experiences on Managing Technical Debt with Code Smells and AntiPatterns},
    journaltitle = {4th International Conference on Technical Debt (TechDebt 2021)},
    year = {2021}
}

@article{39,
    author = {Jacinto Ramirez Lahti},
    title = {Reversing Entropy in a Software Development Project: Technical Debt and AntiPatterns},
    journaltitle = {Master's thesis, University of Helsinki, Faculty of Science},
    year = {2021}
}

@article{40,
    author = {V. Garousi and M. Felderer and M. V. Mäntylä},
    title = {The Need for Multivocal Literature Reviews in Software Engineering: Complementing Systematic Literature Reviews with Grey Literature},
    journaltitle = {Proceedings of the 20th International Conference on Evaluation and Assessment in Software Engineering, 26:1–26:6},
    year = {2016}
}

@article{41,
    author = {R. Ogawa and B. Malen},
    title = {Towards Rigor in Reviews of Multivocal Literatures: Applying the Exploratory Case Study Method},
    journaltitle = {Review of Educational Research 61(3):265-286},
    year = {1991}
}

@online{42,
    addendum = "[Online; Accessed: 18.03.2021]",
    url = {https://www.techyourchance.com/the-state-of-native-android-development-november-2019/},
    title = {The State of Native Android Development},
    author = {Vasiliy Zukanov},
    year = {2019}
}

@article{43,
    author = {Lisa-Marie Andrä and Bernhard Taufner and Sigrid Schefer-Wenzl and Igor Miladinovic},
    title = {Maintainability Metrics for Android Applications in Kotlin:
An Evaluation of Tools},
    journaltitle = {ESSE 2020: Proceedings of the 2020 European Symposium on Software Engineering},
    year = {2020}
}

@article{44,
    author = {Victor Oliveira and Leopoldo Teixeira and Felipe Ebert},
    title = {On the Adoption of Kotlin on Android Development: A Triangulation Study},
    journaltitle = { 2020 IEEE 27th International Conference on Software Analysis, Evolution and Reengineering (SANER)},
    year = {2020}
}

@article{45,
    author = {I. Heitlager and T. Kuipers and J. Visser},
    title = {A practical model for measuring maintainability},
    journaltitle = { In 6th International Conference
on the Quality of Information and Communications
Technology (QUATIC 2007)},
    year = {2007}
}

@article{46,
    author = {Henning Grimeland Koller},
    title = {Effects of clean code on
understandability: An experiment and analysis},
    journaltitle = {Master’s thesis, University of Oslo},
    year = {2016}
}

@article{47,
    author = {Tung Bui Duy},
    title = {Reactive Programming and Clean Architecture
in Android Development},
    journaltitle = {Bachelor thesis, Helsinki Metropolian University of Applied Sciences},
    year = {2017}
}

@article{48,
    author = {Wei Sun and Haohui Chen and Wen Yu},
    title = {The Exploration and Practice of MVVM Pattern on Android Platform},
    journaltitle = {4th International Conference on Machinery, Materials and Information Technology Applications (ICMMITA 2016)},
    year = {2016}
}

@article{49,
    author = {Rimmi Saini and Sanjay Kumar Dubey and Ajay Rana},
    title = {Analytical Study of maintainability Models for Quality Evaluation},
    journaltitle = {Indian Journal of Computer Science and Engineering (IJCSE)},
    year = {2011}
}